2684 4825
508 883 1810 1020 ·PRAEFAT1Q

174 1351 475 1532 Quas'
514 1407 610 1501 in
643 1412 979 1488 Horatio
1018 1427 1229 1490 recte
1254 1413 1854 1517 interpretando
1898 1413 2243 1490 rationes

175 1545 582 1626 ineundas
612 1546 1164 1639 indicaverim,
1212 1575 1568 1651 quasque
1601 1547 1766 1660 ipse
1800 1575 2042 1656 opera
2070 1573 2247 1624 mea

178 1681 477 1783 affequi
534 1698 862 1759 conatus
920 1682 1099 1774 sun,
1157 1685 1583 1786 diligenter
1629 1712 1674 1760 a
1719 1711 1849 1760 me
1891 1686 1980 1759 in
2024 1706 2250 1785 ptae-
2335 1727 2342 1738 ι

92 1807 103 1814 ’
178 1818 487 1896 satione
510 1873 535 1907 ‚
596 1819 855 1919 priori
887 1825 1152 1897 Tomo
1184 1819 1565 1923 praefixa,
1634 1819 2079 1921 expolitum
2113 1814 2247 1894 est.

188 1958 446 2055 Atque
499 1951 837 2029 eandem
878 1956 970 2033 in
1025 1955 1563 2033 dilucidandis
1616 1956 1945 2054 reliquis
1962 2010 1984 2043 ,
2041 1976 2249 2054 quae
2339 2001 2356 2010 -
2415 2009 2425 2018 .

186 2091 381 2165 alter
406 2088 547 2164 hie
582 2095 891 2168 Tomus
929 2094 1528 2194 complectitur,
1611 2093 1924 2168 Horatii
1970 2089 2251 2165 carmi-

181 2226 429 2302 nibus
460 2226 743 2326 lyricis
784 2228 1005 2304 viam
1037 2244 1255 2305 tanto
1300 2229 1574 2304 minus
1617 2223 1960 2320 insistere
2010 2223 2251 2300 dubi-

182 2363 396 2451 tavi,
456 2384 626 2462 qno
665 2364 917 2464 magis
952 2364 1043 2440 in
1079 2335 1244 2443 dies
1271 2361 1427 2442 usu
1469 2378 1547 2441 et
1574 2361 2056 2465 experientia
2087 2383 2252 2436 ma-

180 2497 425 2600 gistra
456 2499 908 2600 intelligere
932 2500 1141 2574 mihi
1168 2497 1386 2576 visus
1411 2497 1628 2587 sum,
1687 2511 2082 2598 quantum
2114 2492 2253 2569 ad-

175 2637 541 2711 iumenti
566 2634 744 2710 talis
788 2636 1181 2749 accuratio
1216 2635 1692 2711 liberalioris
1723 2631 2022 2708 indolis
2064 2624 2255 2704 ado-

176 2769 672 2847 lescentibus
711 2768 1225 2885 suppeditare
1259 2768 1502 2872 poffit.
1656 2774 2030 2874 Quorum
2077 2766 2259 2865 qui·
2393 2814 2400 2825 -

176 2906 381 2983 dem
409 2905 899 3008 potiffimum
932 2905 1380 2983 commodis
1406 2931 1537 2983 me
1568 2892 2080 3006 prospectum
2105 2925 2256 2975 vo·

180 3038 425 3118 luiffe
454 3043 521 3117 ii
551 3042 1110 3131 meminerint,
1168 3044 1479 3143 qui'me
1522 3038 1933 3116 interdum
1978 3036 2252 3137 copio-

180 3175 490 3255 fiorem
537 3203 625 3252 ac
678 3174 888 3254 forte
929 3180 1281 3253 nimium
1332 3179 1424 3252 in
1478 3173 1986 3277 explanandis
2029 3185 2110 3245 et
2153 3166 2258 3245 ad

174 3314 619 3415 vulgarem
667 3312 1063 3413 loquendi
1117 3316 1511 3391 rationem
1565 3307 2037 3387 revocandis
2093 3303 2261 3383 for·
2331 3298 2378 3388 ’.

174 3450 349 3526 mis
382 3448 733 3548 poeticis,
750 3436 1412 3550 deprehendant}
1439 3464 1618 3524 tum
1645 3444 1858 3522 illud
1884 3446 1984 3520 iis
2010 3442 2258 3517 maxi-
2383 3482 2388 3487 ,

175 3610 329 3660 me
366 3585 572 3660 locis
602 3582 909 3662 factum
944 3581 1094 3660 effe
1142 3586 1538 3687 cogitent,
1589 3582 1737 3658 ubi
1781 3582 1916 3656 vel
1966 3578 2260 3653 exerci-

177 3723 576 3797 tatiorem
616 3714 968 3821 aliquem
1011 3720 1428 3820 haefitare‚
1486 3698 1639 3796 'vel
1685 3713 1944 3817 spiss'as
1991 3717 2088 3790 ab
2133 3715 2262 3789 in-

174 3856 687 3960 terpretibus
748 3857 1236 3958 argutiarum
1300 3857 1556 3935 nubes
1627 3852 1999 3931 meridiei
2048 3860 2273 3954 prae-

176 4006 452 4073 textas
490 3992 1216 4071 animadverterim.

1375 4149 1423 4202 ²*
1502 4228 1506 4233 ,
2047 4139 2269 4219 Illud
