2684 4825
446 289 535 360 m
776 217 781 228 ’
992 255 1968 336 PRAEFATIQ

610 453 832 542 Illud
877 468 1149 529 autem
1192 437 1528 527 minime
1584 450 1994 536 ambitiose
2052 455 2256 530 mihi
2303 453 2508 532 affir-

436 615 659 700 mare
696 586 911 692 poffe
941 588 1270 680 videor,
1324 612 1456 661 me
1487 588 1578 664 in
1617 587 2080 666 accurandis
2113 588 2505 691 posterio-

435 727 664 812 ribus
728 725 857 802 his
919 711 1362 824 carminum
1446 722 1673 798 libris
1734 723 2012 823 paullo
2069 724 2505 803 intentiore

436 859 708 937 studio
747 856 1143 954 versatum
1168 847 1371 947 effe,
1425 853 1584 932 five
1627 857 1856 958 quod
1900 858 2371 960 interpretes
2410 863 2505 937 in

436 997 564 1086 iis,
621 996 962 1069 maxime
1000 995 1090 1072 in
1119 1009 1291 1071 toto
1325 963 1772 1068 carminum
1801 983 2085 1070 habitu
2118 1020 2206 1069 ac
2234 993 2503 1097 dispo·

298 1111 307 1118 ’
438 1129 729 1220 (itione
785 1109 1031 1206 recte'
1068 1128 1286 1231 apud
1347 1130 1706 1206 animum
1769 1125 2281 1205 informanda
2341 1129 2506 1207 sae-

439 1268 625 1369 pius
654 1266 954 1341 remitti
999 1281 1237 1364 atque
1284 1291 1331 1338 a
1368 1290 1566 1340 vero
1618 1262 2033 1339 deflectere
2078 1265 2505 1368 cognosce-

438 1427 649 1492 rem,
704 1398 867 1476 five
906 1396 1268 1500 ipsorum
1297 1399 1745 1474 carminum
1786 1397 2168 1500 dignitate
2198 1426 2285 1476 ac
2332 1427 2502 1478 ma-

433 1535 703 1612 iestate
734 1513 831 1612 eo
871 1533 1307 1610 adducerer
1325 1590 1350 1623 ‚
1409 1496 1808 1635 nov'isque
1845 1533 2184 1611 subinde
2218 1534 2503 1614 stimu-

436 1673 537 1749 lis
592 1672 989 1750 excitarer.
1123 1665 1928 1746 Consummatiffimae
1980 1673 2198 1746 enim
2239 1673 2500 1772 plera-

435 1833 601 1910 que
649 1808 835 1882 artis
856 1860 881 1894 ‚
947 1801 1112 1892 five
1153 1820 1812 1907 argumentorum
1859 1809 2033 1881 vim
2086 1832 2173 1882 ac
2219 1823 2499 1882 tracta-

326 1989 335 2000 ·
434 1935 744 2021 tionem
763 1996 788 2030 ‚
843 1936 1002 2015 five
1035 1927 1617 2014 eicelfiffimum
1647 1941 1958 2090 inssenii
1989 1940 2281 2032 nisum,
2328 1940 2495 2019 sive

434 2077 996 2154 sententiarum
1046 2076 1546 2175 gravitatem,
1615 2073 1777 2150 five
1831 2074 2183 2175 denique
2233 2104 2499 2154 enun-

433 2212 794 2290 tiationis
850 2206 1148 2310 spectes
1209 2183 1581 2300 virtutes,
1702 2212 2119 2296 Horatiani
2179 2213 2496 2314 ingenii

433 2349 931 2426 monimenta
967 2347 1057 2421 in
1109 2345 1235 2423 his
1291 2345 1518 2422 libris
1562 2347 1995 2439 contineri,
2079 2351 2496 2426 neminem

433 2502 597 2559 tam
629 2482 936 2558 hebetis
966 2479 1255 2557 iudicii
1286 2477 1434 2556 effe
1464 2481 1845 2572 arbitror,
1915 2482 2116 2584 qu‘in
2161 2484 2327 2588 ipse
2372 2485 2496 2561 fa-

434 2621 588 2695 cile
627 2615 927 2692 sentiat.
1176 2616 1187 2625 ”

582 2750 1033 2829 'Caeterum
1079 2775 1324 2850 quam
1363 2775 1652 2829 verum
1691 2750 1821 2841 fit,
1884 2753 2109 2853 quod
2162 2753 2493 2848 dicitur,

431 2888 604 3001 dies
645 2885 865 2960 diem
902 2884 1181 2973 docet,
1238 2888 1648 2962 neminem
1686 2894 1933 2990 magis
1972 2893 2318 2990 experiri
2365 2918 2492 2967 ar·

428 3024 689 3102 bitror
752 3044 996 3121 quam
1070 3022 1627 3120 interpretem,
1710 3049 1960 3124 quem
2023 3026 2493 3105 mirandum

428 3153 799 3244 non²est‚
866 3151 924 3227 fi
956 3156 1044 3228 in
1092 3155 1446 3256 longiori
1487 3182 1727 3258 opere
1784 3184 2396 3260 nonnumquam
2441 3191 2492 3239 a

430 3309 659 3397 recto,
678 3291 989 3369 tramite
1019 3289 1363 3380 aberret,
1422 3317 1508 3366 ac
1536 3290 1815 3368 sensim
1850 3294 1952 3370 ad
1977 3298 2164 3372 alias
2207 3321 2490 3377 rerum

330 3506 339 3523 .
429 3428 805 3504 notiones
875 3422 1306 3502 delabatur.
1442 3434 1662 3533 Quae
1735 3431 1983 3530 igitur
2049 3431 2491 3510 incidenda

427 3575 568 3636 aut
604 3562 835 3636 aliter
892 3557 1438 3653 constituenda
1488 3563 1882 3655 iudicavi,
1967 3590 2334 3667 quaeque
2380 3569 2489 3648 ad

425 3710 706 3796 poetae
744 3694 1190 3775 doctrinam
1226 3697 1774 3774 illustrandam
1819 3716 1956 3775 aut
1991 3704 2328 3780 omnino
2378 3704 2488 3782 ad

427 3812 968 3906 liberaliorem
1003 3832 1738 3934 interpretationem
1769 3829 2192 3934 spectantia
2224 3836 2486 3920 serius

427 3986 474 4034 a
507 3988 637 4040 me
681 3964 1219 4044 animadversa
1252 3966 1478 4060 sunt,
1546 3993 1635 4042 ea
1677 3970 1768 4044 in
1814 3966 2105 4048 fascem
2149 3976 2491 4053 collecta

2281 4110 2494 4193 huic
