2684 4825
667 348 988 401 :eonon
1048 348 1209 399 mn.
1287 349 1357 401 e.
1415 348 1596 400 1111.
2006 344 2167 416 585

354 723 1468 804 CARMEN
1637 726 1939 804 XIII.

747 946 1562 1008 ARGVMENTVM·

133 1111 297 1244 Ab
312 1175 530 1259 hieme,
555 1178 966 1273 tristioris-que
977 1147 1241 1263 peream
1267 1181 1428 1244 coeli
1424 1170 1620 1272 facie
1619 1170 1884 1271 deales
1899 1175 1992 1241 ad
2006 1177 2175 1243 diem
2236 1198 2243 1211 ·

132 1297 447 1374 genialiter
475 1303 792 1382 agendum
821 1304 1204 1365 exhortatus
1229 1315 1428 1384 poeta
1442 1343 1461 1373 ‚
1501 1299 1594 1364 ad
1619 1301 1978 1382 generalem.
1994 1303 2177 1363 vitae
2201 1329 2207 1335 ²

134 1416 390 1481 iucunde
415 1421 845 1487 traducendae
867 1436 1274 1507 praeceptum
1298 1423 1740 1505 progreditur,
1780 1425 2181 1506 argumentis

130 1560 170 1600 a
195 1540 479 1606 iuvenilis
509 1548 753 1608 aetatis
772 1542 964 1634 flore,
1006 1548 1137 1608 cito
1164 1535 1614 1637 marcescente,
1662 1547 1955 1629 vitaeque
1976 1547 2175 1607 omni·
2225 1512 2240 1523 .

136 1681 213 1723 no
251 1661 563 1729 brevitate
603 1657 944 1760 desumtis,
989 1638 1256 1749 hocquq'
1295 1687 1425 1751 quo
1460 1669 1727 1749 gravius
1771 1668 1862 1730 ad
1890 1670 2179 1731 animum

136 1785 435 1850 accideret
450 1832 470 1862 ,
544 1788 883 1872 Chironis,
942 1781 1401 1883 sapientiffimi
1440 1789 1702 1853 ultimae
1755 1791 2175 1883 antiquitatis

134 1907 284 1981 viri,
343 1910 512 1973 idem
553 1910 888 1984 Achillem,
954 1910 1046 1972 ad
1075 1908 1298 1972 bellum
1350 1909 1691 1972 Troianum
1735 1903 2180 2002 profecturum

134 2034 436 2095 monentis
451 2076 473 2106 ,
538 2024 873 2126 sententia
932 2033 1242 2118 eloquitur
1292 2046 1493 2116 atque
1535 2030 1896 2123 confirmat.
1994 2034 2060 2096 E
2105 2057 2175 2099 v.

138 2163 176 2227 ¹7
193 2142 339 2243 sqq.
373 2156 773 2217 imminentes
816 2152 1040 2217 turbas
1069 2155 1285 2217 civiles
1315 2150 1702 2245 occasionem
1727 2155 1878 2216 huic
1905 2158 2182 2219 carmini

122 2264 453 2363 scribendo
499 2268 733 2367 dcdiffe
788 2274 1142 2339 odorantur
1191 2275 1531 2349 nonnulli,
1565 2268 1761 2367 sorte
1799 2291 1876 2340 ut
1926 2276 2181 2343 haberet

135 2395 304 2473 illud,
353 2400 532 2486 quod
553 2391 750 2493 suum
779 2401 836 2461 ei
866 2401 932 2462 in
949 2397 1203 2482 Epodis
1231 2397 1437 2461 locum
1478 2388 1769 2488 faceret:
1804 2390 1931 2490 sed
1959 2414 2185 2464 temere

135 2518 424 2587 arbitror.
535 2524 872 2586 Caeterum
902 2519 1093 2606 qua'm
1125 2518 1435 2583 barbarae
1476 2534 1668 2605 atque
1697 2517 2008 2612 infipidae
2021 2515 2176 2617 sub‘.

136 2642 274 2704 inde
332 2645 610 2708 IIoratii
665 2641 1050 2706 carminibus
1130 2640 1465 2731 praefixae
1519 2632 1964 2733 inscriptiones
2001 2643 2173 2740 fint,

136 2786 325 2845 grave
411 2766 915 2848 luculentamque
993 2765 1113 2826 hoc
1210 2784 1462 2826 carmen
1524 2765 1880 2846 exemplum
1936 2758 2177 2860 suppe-

135 2885 341 2962 ditat,
397 2891 478 2960 ,in
521 2888 875 2959 nonnullis,
940 2907 1102 2970 quos
1154 2884 1523 2946 Torrentius
1574 2876 1855 2977 inspexit
1869 2931 1897 2960 ,.
1965 2889 2177 2955 Codd.

133 3008 247 3070 Izoc
302 3011 595 3072 lemmate
635 3007 1046 3101 insignitum.-
1092 3004 1215 3069 Ad
1262 3006 1587 3092 Amicos
1636 3006 2041 3092 Comicos‚
2111 3013 2176 3078 h.

143 3131 334 3206 Coeno
353 3178 372 3205 ,
422 3107 929 3222 comiffationum
968 3128 1122 3194 Deo
1170 3122 1452 3217 praesidi
1492 3127 1788 3203 litantes,
1851 3124 2184 3222 comiffan·

137 3265 264 3334 tes;
313 3257 497 3316 euius
539 3245 974 3346 inscriptionis
993 3240 1256 3342 sensum
1297 3246 1471 3331 quod
1520 3249 1999 3315 Torrentianum
2034 3277 2183 3317 acu·

138 3396 266 3440 men
284 3419 306 3448 ,
372 3373 466 3437 ad
526 3375 834 3435 comicum
878 3374 1081 3444 hanc,
1148 3383 1225 3431 ut
1263 3366 1553 3431 barbaris
1582 3368 1763 3433 nobis
1809 3375 1876 3435 in
1906 3372 2180 3441 barbaro

136 3499 251 3558 hoc
291 3497 590 3582 loquendi
631 3496 820 3557 modo
857 3486 977 3584 effi
1015 3494 1241 3573 liceat,
1288 3491 1678 3553 latinitatem
1723 3486 2033 3587 obtusum,
2076 3521 2182 3562 ex-

132 3620 358 3682 tricare
397 3618 579 3683 haud
629 3617 951 3700 potuerit,
1009 3614 1130 3676 hoc
1183 3633 1363 3676 nemo
1409 3612 1776 3696 maligniori
1820 3618 1956 3682 eius
2012 3622 2180 3710 inge·

133 3740 234 3805 uio
274 3738 648 3824 imputabit.
